%1
@article{sun2017,
author = {Sun, Y. and Wei, Y. and Zhang, L.},
journal = {Tourism Management},
pages = {245-252},
title = {International academic impact of {Chinese} tourism research: a review based on the analysis of {SSCI} tourism articles from 2001 to 2012},
volume = {58},
year = {2017},
doi = {10.1016/j.tourman.2016.03.008},
}

% 2
@article{truong2009,
author = {Truong, T. and King, B.},
journal = {International Journal Of Tourism Research},
number = {6},
pages = {521-535},
title = {An evaluation of satisfaction levels among {Chinese} tourists in {Vietnam}},
volume = {11},
year = {2009},
doi = {10.1002/jtr.726},
}

% 3
@article{chang2010,
author = {Chang, R. and Kivela, J. and Mak, A.},
journal = {Annals Of Tourism Research},
number = {4},
pages = {989-1011},
title = {Food preferences of {Chinese} tourists},
volume = {37},
year = {2010},
doi = {10.1016/j.annals.2010.03.007},
}

% 4
@inproceedings{chang2008,
author = {Chang, P. and Galley, M. and Manning, C.},
booktitle = {Statmt '08 Proceedings Of The Third Workshop On Statistical Machine},
pages = {224-232},
title = {Optimizing {Chinese} Word Segmentation for Machine Translation Performance},
year = {2008},
month={June},
address={Columbus,Ohio,USA},
url = {http://nlp.stanford.edu/pubs/acl-wmt08-cws.pdf},
}

% 5
@article{shannon1948,
author = {Shannon, C.},
journal = {Bell System Technical Journal},
number = {3},
pages = {279-423},
title = {A Mathematical Theory of Communication},
volume = {27},
year = {1948},
doi = {10.1002/j.1538-7305.1948.tb01338.x},
}

% 6
@article{cortes1995,
author = {Cortes, C. and Vapnik, V.},
journal = {Machine Learning},
number = {3},
pages = {273-297},
title = {Support-vector networks},
volume = {20},
year = {1995},
doi = {10.1007/bf00994018},
}

% 7
@article{kohavi1995,
author = {Kohavi, R.},
journal = {International Joint Conference On Artificial Intelligence},
pages = {2},
title = {A study of cross-validation and bootstrap for accuracy estimation and model selection},
volume = {14},
year = {1995},
}

% 8
@article{powers2011,
author = {Powers, D.},
journal = {Journal Of Machine Learning Technologies},
number = {1},
pages = {37-63},
title = {Evaluation: From Precision, Recall and F-Measure to ROC, Informedness, Markedness \& Correlation},
volume = {2},
year = {2011},
url = {http://www.flinders.edu.au/science_engineering/fms/School-CSEM/publications/tech_reps-research_artfcts/TRRA_2007.pdf},
}